@misc{fedus-18,
  Author = {William Fedus and Ian Goodfellow and Andrew M. Dai},
  Title = {MaskGAN: Better Text Generation via Filling in the gaps},
  Year = {2018},
  Eprint = {arXiv:1801.07736},
}

@misc{liu-17,
  Author = {Linqing Liu and Yao Lu and Min Yang and Qiang Qu and Jia Zhu and Hongyan Li},
  Title = {Generative Adversarial Network for Abstractive Text Summarization},
  Year = {2017},
  Eprint = {arXiv:1711.09357},
}

@misc{li-cohn-17,
  Author = {Yitong Li and Trevor Cohn and Timothy Baldwin},
  Title = {BIBI System Description: Building with CNNs and Breaking with Deep Reinforcement Learning},
  Year = {2017},
  Journal = {Proceedings of the First Workshop on Building Linguistically Generalizable NLP Systems},
  Pages = {27â€“32},
  Publisher = {Association for Computational Linguistics},
}

@misc{allahyari-17,
  Author = {Mehdi Allahyari and Seyedamin Pouriyeh and Mehdi Assefi and Saeid Safaei and Elizabeth D. Trippe and Juan B. Gutierrez and Krys Kochut},
  Title = {Text Summarization Techniques: A Brief Survey},
  Year = {2017},
  Eprint = {arXiv:1707.02268},
}

@misc{zhang-17,
  Author = {Zhe Gan and Kai Fan and Zhi Chen and Ricardo Henao and Dinghan Shen and Lawrence Carin},
  Title = {Adversarial Feature Matching for Text Generation},
  Year = {2017},
  Eprint = {arXiv:1706.03850},
}